@article{mirjalili2018gender,
  title={Gender Privacy: An Ensemble of Semi Adversarial Networks for Confounding Arbitrary Gender Classifiers},
  author={Mirjalili, Vahid and Raschka, Sebastian and Ross, Arun},
  journal={arXiv preprint arXiv:1807.11936},
  year={2018}
}
@misc{simonyan2015deep,
      title={Very Deep Convolutional Networks for Large-Scale Image Recognition}, 
      author={Karen Simonyan and Andrew Zisserman},
      year={2015},
      eprint={1409.1556},
      archivePrefix={arXiv},
      primaryClass={cs.CV}
}